<?xml version="1.0" encoding="UTF-8"?><collection xmlns="http://www.loc.gov/MARC21/slim"><record><leader>00596nam--2200181-i-4500</leader><controlfield tag="001">000000119</controlfield><controlfield tag="002">20161230</controlfield><controlfield tag="005">20161230201023</controlfield><controlfield tag="008">060222s1000------------r-----000-0-fre-d</controlfield><datafield ind1=" " ind2=" " tag="040"><subfield code="a">IFIN-HH</subfield></datafield><datafield ind1=" " ind2=" " tag="041"><subfield code="a">fre</subfield></datafield><datafield ind1=" " ind2=" " tag="080"><subfield code="a">538.958:535.41(043)</subfield></datafield><datafield ind1="1" ind2=" " tag="100"><subfield code="a">Gerbaux, Xavier</subfield></datafield><datafield ind1="1" ind2="0" tag="245"><subfield code="a">Absorption dans l`infrarouge lointain des quelques cristaux purs et actives par des impuretes.these</subfield><subfield code="b">Soutenue publiquement le 23 avril 1971, devant la commission d'examen</subfield><subfield code="c">Xavier gerbaux</subfield></datafield><datafield ind1=" " ind2=" " tag="260"><subfield code="a">Nancy</subfield><subfield code="b">L`Universite De Nancy</subfield></datafield><datafield ind1=" " ind2=" " tag="300"><subfield code="a">117 P</subfield></datafield><datafield ind1=" " ind2=" " tag="852"><subfield code="a">44079</subfield><subfield code="c">535</subfield></datafield><datafield ind1=" " ind2=" " tag="CAT"><subfield code="a">Sys</subfield><subfield code="c">20101110</subfield><subfield code="h">114822</subfield></datafield></record></collection>